<?xml version="1.0" encoding="UTF-8"?><collection xmlns="http://www.loc.gov/MARC21/slim"><record><leader>00520nam--2200193-i-4500</leader><controlfield tag="001">000009994</controlfield><controlfield tag="002">20161230</controlfield><controlfield tag="005">20161230201028</controlfield><controlfield tag="008">060222s1000------------r-----000-0-fre-d</controlfield><datafield ind1=" " ind2=" " tag="041"><subfield code="a">fre</subfield><subfield code="b">IFIN-HH</subfield></datafield><datafield ind1=" " ind2=" " tag="080"><subfield code="a">53(075.8):531(075.8):534(075.8)</subfield></datafield><datafield ind1="1" ind2=" " tag="100"><subfield code="a">Bok, Julien</subfield></datafield><datafield ind1="1" ind2="0" tag="245"><subfield code="a">Cours de physique. mecanique. ondes</subfield><subfield code="c">Julien bok, pierre morel</subfield></datafield><datafield ind1=" " ind2=" " tag="260"><subfield code="a">Paris</subfield><subfield code="b">Herman</subfield><subfield code="c">1971</subfield></datafield><datafield ind1=" " ind2=" " tag="300"><subfield code="a">315 P</subfield></datafield><datafield ind1=" " ind2=" " tag="490"><subfield code="a">Collection Methodes</subfield></datafield><datafield ind1="1" ind2=" " tag="700"><subfield code="a">Morel, Pierre</subfield></datafield><datafield ind1=" " ind2=" " tag="852"><subfield code="a">34952</subfield><subfield code="c">53</subfield></datafield><datafield ind1=" " ind2=" " tag="CAT"><subfield code="a">Sys</subfield><subfield code="c">20150310</subfield><subfield code="h">112628</subfield></datafield></record></collection>